%YAML 1.1
%TAG !u! tag:unity3d.com,2011:
--- !u!1001 &100100000
Prefab:
  m_ObjectHideFlags: 1
  serializedVersion: 2
  m_Modification:
    m_TransformParent: {fileID: 0}
    m_Modifications: []
    m_RemovedComponents: []
  m_ParentPrefab: {fileID: 0}
  m_RootGameObject: {fileID: 1000014236819332}
  m_IsPrefabParent: 1
--- !u!1 &1000011488565466
GameObject:
  m_ObjectHideFlags: 0
  m_PrefabParentObject: {fileID: 0}
  m_PrefabInternal: {fileID: 100100000}
  serializedVersion: 4
  m_Component:
  - 4: {fileID: 4000011282676834}
  - 114: {fileID: 114000013296467104}
  m_Layer: 0
  m_Name: transition_battleIntro
  m_TagString: Untagged
  m_Icon: {fileID: 0}
  m_NavMeshLayer: 0
  m_StaticEditorFlags: 0
  m_IsActive: 1
--- !u!1 &1000013504086516
GameObject:
  m_ObjectHideFlags: 1
  m_PrefabParentObject: {fileID: 0}
  m_PrefabInternal: {fileID: 100100000}
  serializedVersion: 4
  m_Component:
  - 4: {fileID: 4000011049494758}
  - 82: {fileID: 82000012648177726}
  - 114: {fileID: 114000013373129198}
  m_Layer: 0
  m_Name: transition_battleIntro
  m_TagString: Untagged
  m_Icon: {fileID: 0}
  m_NavMeshLayer: 0
  m_StaticEditorFlags: 0
  m_IsActive: 1
--- !u!1 &1000014236819332
GameObject:
  m_ObjectHideFlags: 0
  m_PrefabParentObject: {fileID: 0}
  m_PrefabInternal: {fileID: 100100000}
  serializedVersion: 4
  m_Component:
  - 4: {fileID: 4000011965449576}
  - 114: {fileID: 114000010109856316}
  m_Layer: 0
  m_Name: DSGC_battleIntro
  m_TagString: Untagged
  m_Icon: {fileID: 0}
  m_NavMeshLayer: 0
  m_StaticEditorFlags: 4294967295
  m_IsActive: 1
--- !u!4 &4000011049494758
Transform:
  m_ObjectHideFlags: 1
  m_PrefabParentObject: {fileID: 0}
  m_PrefabInternal: {fileID: 100100000}
  m_GameObject: {fileID: 1000013504086516}
  m_LocalRotation: {x: -0, y: -0, z: -0, w: 1}
  m_LocalPosition: {x: 0, y: 0, z: 0}
  m_LocalScale: {x: 1, y: 1, z: 1}
  m_LocalEulerAnglesHint: {x: 0, y: 0, z: 0}
  m_Children: []
  m_Father: {fileID: 4000011282676834}
  m_RootOrder: 0
--- !u!4 &4000011282676834
Transform:
  m_ObjectHideFlags: 1
  m_PrefabParentObject: {fileID: 0}
  m_PrefabInternal: {fileID: 100100000}
  m_GameObject: {fileID: 1000011488565466}
  m_LocalRotation: {x: -0, y: -0, z: -0, w: 1}
  m_LocalPosition: {x: 0, y: 0, z: 0}
  m_LocalScale: {x: 1, y: 1, z: 1}
  m_LocalEulerAnglesHint: {x: 0, y: 0, z: 0}
  m_Children:
  - {fileID: 4000011049494758}
  m_Father: {fileID: 4000011965449576}
  m_RootOrder: 0
--- !u!4 &4000011965449576
Transform:
  m_ObjectHideFlags: 1
  m_PrefabParentObject: {fileID: 0}
  m_PrefabInternal: {fileID: 100100000}
  m_GameObject: {fileID: 1000014236819332}
  m_LocalRotation: {x: 0, y: 0, z: 0, w: 1}
  m_LocalPosition: {x: 0, y: 0, z: 0}
  m_LocalScale: {x: 1, y: 1, z: 1}
  m_LocalEulerAnglesHint: {x: 0, y: 0, z: 0}
  m_Children:
  - {fileID: 4000011282676834}
  m_Father: {fileID: 0}
  m_RootOrder: 0
--- !u!82 &82000012648177726
AudioSource:
  m_ObjectHideFlags: 1
  m_PrefabParentObject: {fileID: 0}
  m_PrefabInternal: {fileID: 100100000}
  m_GameObject: {fileID: 1000013504086516}
  m_Enabled: 1
  serializedVersion: 4
  OutputAudioMixerGroup: {fileID: 0}
  m_audioClip: {fileID: 8300000, guid: 4feee381f2a094ec8b02a300cfdd2c64, type: 3}
  m_PlayOnAwake: 0
  m_Volume: 1
  m_Pitch: 1
  Loop: 0
  Mute: 0
  Spatialize: 0
  Priority: 128
  DopplerLevel: 1
  MinDistance: 100
  MaxDistance: 101
  Pan2D: 0
  rolloffMode: 1
  BypassEffects: 0
  BypassListenerEffects: 0
  BypassReverbZones: 0
  rolloffCustomCurve:
    serializedVersion: 2
    m_Curve:
    - time: 0
      value: 1
      inSlope: 0
      outSlope: 0
      tangentMode: 0
    - time: 1
      value: 0
      inSlope: 0
      outSlope: 0
      tangentMode: 0
    m_PreInfinity: 2
    m_PostInfinity: 2
    m_RotationOrder: 4
  panLevelCustomCurve:
    serializedVersion: 2
    m_Curve:
    - time: 0
      value: 0
      inSlope: 0
      outSlope: 0
      tangentMode: 0
    m_PreInfinity: 2
    m_PostInfinity: 2
    m_RotationOrder: 0
  spreadCustomCurve:
    serializedVersion: 2
    m_Curve:
    - time: 0
      value: 0
      inSlope: 0
      outSlope: 0
      tangentMode: 0
    m_PreInfinity: 2
    m_PostInfinity: 2
    m_RotationOrder: 0
  reverbZoneMixCustomCurve:
    serializedVersion: 2
    m_Curve:
    - time: 0
      value: 1
      inSlope: 0
      outSlope: 0
      tangentMode: 0
    m_PreInfinity: 2
    m_PostInfinity: 2
    m_RotationOrder: 0
--- !u!114 &114000010109856316
MonoBehaviour:
  m_ObjectHideFlags: 1
  m_PrefabParentObject: {fileID: 0}
  m_PrefabInternal: {fileID: 100100000}
  m_GameObject: {fileID: 1000014236819332}
  m_Enabled: 1
  m_EditorHideFlags: 0
  m_Script: {fileID: 11500000, guid: 731d0f46f16d9b44bb35cd6816854083, type: 3}
  m_Name: 
  m_EditorClassIdentifier: 
  previewLanguage: 10
  curDragGroupMode: 0
  groupTemplate: {fileID: 100000, guid: 1d5a76ec3aa2bc241ba998680e8c037b, type: 2}
  variationTemplate: {fileID: 100000, guid: c00c191bd9edebb4aabab20dce59c26a, type: 2}
  errorOnDuplicates: 0
  createOnAwake: 1
  soundGroupsAreExpanded: 1
  removeGroupsOnSceneChange: 1
  reUseMode: 0
  showCustomEvents: 0
  bulkVariationMode: 0
  customEventsToCreate: []
  newEventName: my event
  showMusicDucking: 0
  musicDuckingSounds: []
  groupBuses:
  - busName: SFX
    volume: 1
    isSoloed: 0
    isMuted: 0
    voiceLimit: -1
    stopOldest: 0
    isExisting: 1
    isUsingOcclusion: 0
    mixerChannel: {fileID: 0}
    forceTo2D: 0
  playListExpanded: 0
  playlistEditorExp: 1
  musicPlaylists: []
  audioSourceTemplates:
  - {fileID: 100000, guid: 379740f720f3bbd4c90ef22be29c3b06, type: 2}
  - {fileID: 100000, guid: 0ffecea0fa4184f4a920937c179efeac, type: 2}
  - {fileID: 100000, guid: ccfd73e349a99d94a8c2bd721ad4d37e, type: 2}
  - {fileID: 100000, guid: 920eb96260bc8134a993050495c0dcea, type: 2}
  - {fileID: 100000, guid: 651711ac69d890145bed953761824113, type: 2}
  audioSourceTemplateName: 2D Audio
  groupByBus: 0
  itemsCreatedEventExpanded: 0
  itemsCreatedCustomEvent: 
  showUnityMixerGroupAssignment: 1
--- !u!114 &114000013296467104
MonoBehaviour:
  m_ObjectHideFlags: 1
  m_PrefabParentObject: {fileID: 0}
  m_PrefabInternal: {fileID: 100100000}
  m_GameObject: {fileID: 1000011488565466}
  m_Enabled: 1
  m_EditorHideFlags: 0
  m_Script: {fileID: 11500000, guid: e926080ea711027418e38c39ddea7741, type: 3}
  m_Name: 
  m_EditorClassIdentifier: 
  variationTemplate: {fileID: 100000, guid: c00c191bd9edebb4aabab20dce59c26a, type: 2}
  alwaysHighestPriority: 0
  groupMasterVolume: 1
  retriggerPercentage: 50
  curVariationSequence: 0
  useNoRepeatRefill: 1
  useInactivePeriodPoolRefill: 0
  inactivePeriodSeconds: 5
  curVariationMode: 0
  bulkVariationMode: 0
  chainLoopDelayMin: 0
  chainLoopDelayMax: 0
  chainLoopMode: 0
  chainLoopNumLoops: 0
  useDialogFadeOut: 0
  dialogFadeOutTime: 0.5
  resourceClipsAllLoadAsync: 1
  logSound: 0
  soundPlayedEventActive: 0
  soundPlayedCustomEvent: 
  busIndex: 3
  spatialBlendType: 0
  spatialBlend: 1
  busName: 
  isExistingBus: 0
  isCopiedFromDGSC: 0
  limitMode: 0
  limitPerXFrames: 1
  minimumTimeBetween: 0.1
  limitPolyphony: 0
  voiceLimitCount: 1
  targetDespawnedBehavior: 0
  despawnFadeTime: 1
  isUsingOcclusion: 0
  copySettingsExpanded: 0
  selectedVariationIndex: 0
  childGroupMode: 0
  childSoundGroups: []
  groupVariations:
  - {fileID: 114000013373129198}
--- !u!114 &114000013373129198
MonoBehaviour:
  m_ObjectHideFlags: 1
  m_PrefabParentObject: {fileID: 0}
  m_PrefabInternal: {fileID: 100100000}
  m_GameObject: {fileID: 1000013504086516}
  m_Enabled: 1
  m_EditorHideFlags: 0
  m_Script: {fileID: 11500000, guid: fe737f362f2da5d4ebabefe8c9165162, type: 3}
  m_Name: 
  m_EditorClassIdentifier: 
  useLocalization: 0
  useRandomPitch: 0
  randomPitchMode: 0
  randomPitchMin: 0
  randomPitchMax: 0
  useRandomVolume: 0
  randomVolumeMode: 0
  randomVolumeMin: 0
  randomVolumeMax: 0
  weight: 1
  audLocation: 0
  resourceFileName: 
  internetFileUrl: 
  isExpanded: 1
  isChecked: 1
  fxTailTime: 0
  useFades: 0
  fadeInTime: 0
  fadeOutTime: 0
  useIntroSilence: 0
  introSilenceMin: 0
  introSilenceMax: 0
  useRandomStartTime: 0
  randomStartMinPercent: 0
  randomStartMaxPercent: 0
