%YAML 1.1
%TAG !u! tag:unity3d.com,2011:
--- !u!1001 &100100000
Prefab:
  m_ObjectHideFlags: 1
  serializedVersion: 2
  m_Modification:
    m_TransformParent: {fileID: 0}
    m_Modifications: []
    m_RemovedComponents: []
  m_ParentPrefab: {fileID: 0}
  m_RootGameObject: {fileID: 1000011629621708}
  m_IsPrefabParent: 1
--- !u!1 &1000010467968884
GameObject:
  m_ObjectHideFlags: 0
  m_PrefabParentObject: {fileID: 0}
  m_PrefabInternal: {fileID: 100100000}
  serializedVersion: 4
  m_Component:
  - 4: {fileID: 4000011447908422}
  - 114: {fileID: 114000010207981804}
  m_Layer: 0
  m_Name: comp_WA_weapon03_fire
  m_TagString: Untagged
  m_Icon: {fileID: 0}
  m_NavMeshLayer: 0
  m_StaticEditorFlags: 0
  m_IsActive: 1
--- !u!1 &1000010592333166
GameObject:
  m_ObjectHideFlags: 1
  m_PrefabParentObject: {fileID: 0}
  m_PrefabInternal: {fileID: 100100000}
  serializedVersion: 4
  m_Component:
  - 4: {fileID: 4000011897402134}
  - 82: {fileID: 82000013134749368}
  - 114: {fileID: 114000011483138434}
  m_Layer: 0
  m_Name: comp_WA_weapon02_fire
  m_TagString: Untagged
  m_Icon: {fileID: 0}
  m_NavMeshLayer: 0
  m_StaticEditorFlags: 0
  m_IsActive: 1
--- !u!1 &1000010696570064
GameObject:
  m_ObjectHideFlags: 0
  m_PrefabParentObject: {fileID: 0}
  m_PrefabInternal: {fileID: 100100000}
  serializedVersion: 4
  m_Component:
  - 4: {fileID: 4000012892302724}
  - 114: {fileID: 114000013177652930}
  m_Layer: 0
  m_Name: comp_WA_weapon04_fire
  m_TagString: Untagged
  m_Icon: {fileID: 0}
  m_NavMeshLayer: 0
  m_StaticEditorFlags: 0
  m_IsActive: 1
--- !u!1 &1000010718280182
GameObject:
  m_ObjectHideFlags: 0
  m_PrefabParentObject: {fileID: 0}
  m_PrefabInternal: {fileID: 100100000}
  serializedVersion: 4
  m_Component:
  - 4: {fileID: 4000011129944558}
  - 114: {fileID: 114000012130345688}
  m_Layer: 0
  m_Name: comp_WA_weapon02_fire
  m_TagString: Untagged
  m_Icon: {fileID: 0}
  m_NavMeshLayer: 0
  m_StaticEditorFlags: 0
  m_IsActive: 1
--- !u!1 &1000010788949852
GameObject:
  m_ObjectHideFlags: 0
  m_PrefabParentObject: {fileID: 0}
  m_PrefabInternal: {fileID: 100100000}
  serializedVersion: 4
  m_Component:
  - 4: {fileID: 4000013485694308}
  - 114: {fileID: 114000010992097200}
  m_Layer: 0
  m_Name: comp_WA_weapon07_fire
  m_TagString: Untagged
  m_Icon: {fileID: 0}
  m_NavMeshLayer: 0
  m_StaticEditorFlags: 0
  m_IsActive: 1
--- !u!1 &1000010821428686
GameObject:
  m_ObjectHideFlags: 1
  m_PrefabParentObject: {fileID: 0}
  m_PrefabInternal: {fileID: 100100000}
  serializedVersion: 4
  m_Component:
  - 4: {fileID: 4000011333812254}
  - 82: {fileID: 82000011049068670}
  - 114: {fileID: 114000011850795604}
  m_Layer: 0
  m_Name: comp_WA_weapon01_fire
  m_TagString: Untagged
  m_Icon: {fileID: 0}
  m_NavMeshLayer: 0
  m_StaticEditorFlags: 0
  m_IsActive: 1
--- !u!1 &1000010997414440
GameObject:
  m_ObjectHideFlags: 0
  m_PrefabParentObject: {fileID: 0}
  m_PrefabInternal: {fileID: 100100000}
  serializedVersion: 4
  m_Component:
  - 4: {fileID: 4000013879021088}
  - 114: {fileID: 114000013136304910}
  m_Layer: 0
  m_Name: comp_WA_weapon01_fire
  m_TagString: Untagged
  m_Icon: {fileID: 0}
  m_NavMeshLayer: 0
  m_StaticEditorFlags: 0
  m_IsActive: 1
--- !u!1 &1000011169897582
GameObject:
  m_ObjectHideFlags: 0
  m_PrefabParentObject: {fileID: 0}
  m_PrefabInternal: {fileID: 100100000}
  serializedVersion: 4
  m_Component:
  - 4: {fileID: 4000013398929104}
  - 114: {fileID: 114000010835900992}
  m_Layer: 0
  m_Name: comp_WA_weapon11_fire
  m_TagString: Untagged
  m_Icon: {fileID: 0}
  m_NavMeshLayer: 0
  m_StaticEditorFlags: 0
  m_IsActive: 1
--- !u!1 &1000011221696642
GameObject:
  m_ObjectHideFlags: 1
  m_PrefabParentObject: {fileID: 0}
  m_PrefabInternal: {fileID: 100100000}
  serializedVersion: 4
  m_Component:
  - 4: {fileID: 4000011411141182}
  - 82: {fileID: 82000012585880096}
  - 114: {fileID: 114000010038358416}
  m_Layer: 0
  m_Name: comp_WA_weapon09_fire
  m_TagString: Untagged
  m_Icon: {fileID: 0}
  m_NavMeshLayer: 0
  m_StaticEditorFlags: 0
  m_IsActive: 1
--- !u!1 &1000011379311096
GameObject:
  m_ObjectHideFlags: 0
  m_PrefabParentObject: {fileID: 0}
  m_PrefabInternal: {fileID: 100100000}
  serializedVersion: 4
  m_Component:
  - 4: {fileID: 4000011548264836}
  - 114: {fileID: 114000013549250684}
  m_Layer: 0
  m_Name: comp_WA_weapon09_fire
  m_TagString: Untagged
  m_Icon: {fileID: 0}
  m_NavMeshLayer: 0
  m_StaticEditorFlags: 0
  m_IsActive: 1
--- !u!1 &1000011542739296
GameObject:
  m_ObjectHideFlags: 0
  m_PrefabParentObject: {fileID: 0}
  m_PrefabInternal: {fileID: 100100000}
  serializedVersion: 4
  m_Component:
  - 4: {fileID: 4000012410753608}
  - 114: {fileID: 114000011744491968}
  m_Layer: 0
  m_Name: comp_WA_weapon10_fire
  m_TagString: Untagged
  m_Icon: {fileID: 0}
  m_NavMeshLayer: 0
  m_StaticEditorFlags: 0
  m_IsActive: 1
--- !u!1 &1000011629621708
GameObject:
  m_ObjectHideFlags: 0
  m_PrefabParentObject: {fileID: 0}
  m_PrefabInternal: {fileID: 100100000}
  serializedVersion: 4
  m_Component:
  - 4: {fileID: 4000012225996188}
  - 114: {fileID: 114000011105167116}
  m_Layer: 0
  m_Name: DSGC_weapons_ancient
  m_TagString: Untagged
  m_Icon: {fileID: 0}
  m_NavMeshLayer: 0
  m_StaticEditorFlags: 4294967295
  m_IsActive: 1
--- !u!1 &1000011767653156
GameObject:
  m_ObjectHideFlags: 1
  m_PrefabParentObject: {fileID: 0}
  m_PrefabInternal: {fileID: 100100000}
  serializedVersion: 4
  m_Component:
  - 4: {fileID: 4000011127239664}
  - 82: {fileID: 82000012706299952}
  - 114: {fileID: 114000012682673142}
  m_Layer: 0
  m_Name: comp_WA_weapon10_fire
  m_TagString: Untagged
  m_Icon: {fileID: 0}
  m_NavMeshLayer: 0
  m_StaticEditorFlags: 0
  m_IsActive: 1
--- !u!1 &1000011795700218
GameObject:
  m_ObjectHideFlags: 0
  m_PrefabParentObject: {fileID: 0}
  m_PrefabInternal: {fileID: 100100000}
  serializedVersion: 4
  m_Component:
  - 4: {fileID: 4000012164635450}
  - 114: {fileID: 114000013046151080}
  m_Layer: 0
  m_Name: comp_WA_weapon05_fire
  m_TagString: Untagged
  m_Icon: {fileID: 0}
  m_NavMeshLayer: 0
  m_StaticEditorFlags: 0
  m_IsActive: 1
--- !u!1 &1000011920192148
GameObject:
  m_ObjectHideFlags: 1
  m_PrefabParentObject: {fileID: 0}
  m_PrefabInternal: {fileID: 100100000}
  serializedVersion: 4
  m_Component:
  - 4: {fileID: 4000011996465314}
  - 82: {fileID: 82000013179059944}
  - 114: {fileID: 114000012274789262}
  m_Layer: 0
  m_Name: comp_WA_weapon07_fire
  m_TagString: Untagged
  m_Icon: {fileID: 0}
  m_NavMeshLayer: 0
  m_StaticEditorFlags: 0
  m_IsActive: 1
--- !u!1 &1000012110689090
GameObject:
  m_ObjectHideFlags: 1
  m_PrefabParentObject: {fileID: 0}
  m_PrefabInternal: {fileID: 100100000}
  serializedVersion: 4
  m_Component:
  - 4: {fileID: 4000011444523392}
  - 82: {fileID: 82000012846176520}
  - 114: {fileID: 114000011143302268}
  m_Layer: 0
  m_Name: comp_WA_weapon04_fire
  m_TagString: Untagged
  m_Icon: {fileID: 0}
  m_NavMeshLayer: 0
  m_StaticEditorFlags: 0
  m_IsActive: 1
--- !u!1 &1000012552486154
GameObject:
  m_ObjectHideFlags: 0
  m_PrefabParentObject: {fileID: 0}
  m_PrefabInternal: {fileID: 100100000}
  serializedVersion: 4
  m_Component:
  - 4: {fileID: 4000011168845584}
  - 114: {fileID: 114000013804618164}
  m_Layer: 0
  m_Name: comp_WA_weapon08_fire
  m_TagString: Untagged
  m_Icon: {fileID: 0}
  m_NavMeshLayer: 0
  m_StaticEditorFlags: 0
  m_IsActive: 1
--- !u!1 &1000012780749244
GameObject:
  m_ObjectHideFlags: 1
  m_PrefabParentObject: {fileID: 0}
  m_PrefabInternal: {fileID: 100100000}
  serializedVersion: 4
  m_Component:
  - 4: {fileID: 4000012036543508}
  - 82: {fileID: 82000010141977826}
  - 114: {fileID: 114000010200762948}
  m_Layer: 0
  m_Name: comp_WA_weapon06_fire
  m_TagString: Untagged
  m_Icon: {fileID: 0}
  m_NavMeshLayer: 0
  m_StaticEditorFlags: 0
  m_IsActive: 1
--- !u!1 &1000012871053460
GameObject:
  m_ObjectHideFlags: 1
  m_PrefabParentObject: {fileID: 0}
  m_PrefabInternal: {fileID: 100100000}
  serializedVersion: 4
  m_Component:
  - 4: {fileID: 4000013453966830}
  - 82: {fileID: 82000012470142284}
  - 114: {fileID: 114000011605529936}
  m_Layer: 0
  m_Name: comp_WA_weapon11_fire
  m_TagString: Untagged
  m_Icon: {fileID: 0}
  m_NavMeshLayer: 0
  m_StaticEditorFlags: 0
  m_IsActive: 1
--- !u!1 &1000013073507002
GameObject:
  m_ObjectHideFlags: 0
  m_PrefabParentObject: {fileID: 0}
  m_PrefabInternal: {fileID: 100100000}
  serializedVersion: 4
  m_Component:
  - 4: {fileID: 4000010071234388}
  - 114: {fileID: 114000013292538970}
  m_Layer: 0
  m_Name: comp_WA_weapon06_fire
  m_TagString: Untagged
  m_Icon: {fileID: 0}
  m_NavMeshLayer: 0
  m_StaticEditorFlags: 0
  m_IsActive: 1
--- !u!1 &1000013663302654
GameObject:
  m_ObjectHideFlags: 1
  m_PrefabParentObject: {fileID: 0}
  m_PrefabInternal: {fileID: 100100000}
  serializedVersion: 4
  m_Component:
  - 4: {fileID: 4000010473364730}
  - 82: {fileID: 82000010098170708}
  - 114: {fileID: 114000010380691272}
  m_Layer: 0
  m_Name: comp_WA_weapon08_fire
  m_TagString: Untagged
  m_Icon: {fileID: 0}
  m_NavMeshLayer: 0
  m_StaticEditorFlags: 0
  m_IsActive: 1
--- !u!1 &1000013722991574
GameObject:
  m_ObjectHideFlags: 1
  m_PrefabParentObject: {fileID: 0}
  m_PrefabInternal: {fileID: 100100000}
  serializedVersion: 4
  m_Component:
  - 4: {fileID: 4000013808497856}
  - 82: {fileID: 82000012089033834}
  - 114: {fileID: 114000010975031116}
  m_Layer: 0
  m_Name: comp_WA_weapon03_fire
  m_TagString: Untagged
  m_Icon: {fileID: 0}
  m_NavMeshLayer: 0
  m_StaticEditorFlags: 0
  m_IsActive: 1
--- !u!1 &1000013738569014
GameObject:
  m_ObjectHideFlags: 1
  m_PrefabParentObject: {fileID: 0}
  m_PrefabInternal: {fileID: 100100000}
  serializedVersion: 4
  m_Component:
  - 4: {fileID: 4000011859184646}
  - 82: {fileID: 82000010728110094}
  - 114: {fileID: 114000013119055158}
  m_Layer: 0
  m_Name: comp_WA_weapon05_fire
  m_TagString: Untagged
  m_Icon: {fileID: 0}
  m_NavMeshLayer: 0
  m_StaticEditorFlags: 0
  m_IsActive: 1
--- !u!4 &4000010071234388
Transform:
  m_ObjectHideFlags: 1
  m_PrefabParentObject: {fileID: 0}
  m_PrefabInternal: {fileID: 100100000}
  m_GameObject: {fileID: 1000013073507002}
  m_LocalRotation: {x: -0, y: -0, z: -0, w: 1}
  m_LocalPosition: {x: 0, y: 0, z: 0}
  m_LocalScale: {x: 1, y: 1, z: 1}
  m_LocalEulerAnglesHint: {x: 0, y: 0, z: 0}
  m_Children:
  - {fileID: 4000012036543508}
  m_Father: {fileID: 4000012225996188}
  m_RootOrder: 5
--- !u!4 &4000010473364730
Transform:
  m_ObjectHideFlags: 1
  m_PrefabParentObject: {fileID: 0}
  m_PrefabInternal: {fileID: 100100000}
  m_GameObject: {fileID: 1000013663302654}
  m_LocalRotation: {x: -0, y: -0, z: -0, w: 1}
  m_LocalPosition: {x: 0, y: 0, z: 0}
  m_LocalScale: {x: 1, y: 1, z: 1}
  m_LocalEulerAnglesHint: {x: 0, y: 0, z: 0}
  m_Children: []
  m_Father: {fileID: 4000011168845584}
  m_RootOrder: 0
--- !u!4 &4000011127239664
Transform:
  m_ObjectHideFlags: 1
  m_PrefabParentObject: {fileID: 0}
  m_PrefabInternal: {fileID: 100100000}
  m_GameObject: {fileID: 1000011767653156}
  m_LocalRotation: {x: -0, y: -0, z: -0, w: 1}
  m_LocalPosition: {x: 0, y: 0, z: 0}
  m_LocalScale: {x: 1, y: 1, z: 1}
  m_LocalEulerAnglesHint: {x: 0, y: 0, z: 0}
  m_Children: []
  m_Father: {fileID: 4000012410753608}
  m_RootOrder: 0
--- !u!4 &4000011129944558
Transform:
  m_ObjectHideFlags: 1
  m_PrefabParentObject: {fileID: 0}
  m_PrefabInternal: {fileID: 100100000}
  m_GameObject: {fileID: 1000010718280182}
  m_LocalRotation: {x: -0, y: -0, z: -0, w: 1}
  m_LocalPosition: {x: 0, y: 0, z: 0}
  m_LocalScale: {x: 1, y: 1, z: 1}
  m_LocalEulerAnglesHint: {x: 0, y: 0, z: 0}
  m_Children:
  - {fileID: 4000011897402134}
  m_Father: {fileID: 4000012225996188}
  m_RootOrder: 1
--- !u!4 &4000011168845584
Transform:
  m_ObjectHideFlags: 1
  m_PrefabParentObject: {fileID: 0}
  m_PrefabInternal: {fileID: 100100000}
  m_GameObject: {fileID: 1000012552486154}
  m_LocalRotation: {x: -0, y: -0, z: -0, w: 1}
  m_LocalPosition: {x: 0, y: 0, z: 0}
  m_LocalScale: {x: 1, y: 1, z: 1}
  m_LocalEulerAnglesHint: {x: 0, y: 0, z: 0}
  m_Children:
  - {fileID: 4000010473364730}
  m_Father: {fileID: 4000012225996188}
  m_RootOrder: 7
--- !u!4 &4000011333812254
Transform:
  m_ObjectHideFlags: 1
  m_PrefabParentObject: {fileID: 0}
  m_PrefabInternal: {fileID: 100100000}
  m_GameObject: {fileID: 1000010821428686}
  m_LocalRotation: {x: -0, y: -0, z: -0, w: 1}
  m_LocalPosition: {x: 0, y: 0, z: 0}
  m_LocalScale: {x: 1, y: 1, z: 1}
  m_LocalEulerAnglesHint: {x: 0, y: 0, z: 0}
  m_Children: []
  m_Father: {fileID: 4000013879021088}
  m_RootOrder: 0
--- !u!4 &4000011411141182
Transform:
  m_ObjectHideFlags: 1
  m_PrefabParentObject: {fileID: 0}
  m_PrefabInternal: {fileID: 100100000}
  m_GameObject: {fileID: 1000011221696642}
  m_LocalRotation: {x: -0, y: -0, z: -0, w: 1}
  m_LocalPosition: {x: 0, y: 0, z: 0}
  m_LocalScale: {x: 1, y: 1, z: 1}
  m_LocalEulerAnglesHint: {x: 0, y: 0, z: 0}
  m_Children: []
  m_Father: {fileID: 4000011548264836}
  m_RootOrder: 0
--- !u!4 &4000011444523392
Transform:
  m_ObjectHideFlags: 1
  m_PrefabParentObject: {fileID: 0}
  m_PrefabInternal: {fileID: 100100000}
  m_GameObject: {fileID: 1000012110689090}
  m_LocalRotation: {x: -0, y: -0, z: -0, w: 1}
  m_LocalPosition: {x: 0, y: 0, z: 0}
  m_LocalScale: {x: 1, y: 1, z: 1}
  m_LocalEulerAnglesHint: {x: 0, y: 0, z: 0}
  m_Children: []
  m_Father: {fileID: 4000012892302724}
  m_RootOrder: 0
--- !u!4 &4000011447908422
Transform:
  m_ObjectHideFlags: 1
  m_PrefabParentObject: {fileID: 0}
  m_PrefabInternal: {fileID: 100100000}
  m_GameObject: {fileID: 1000010467968884}
  m_LocalRotation: {x: -0, y: -0, z: -0, w: 1}
  m_LocalPosition: {x: 0, y: 0, z: 0}
  m_LocalScale: {x: 1, y: 1, z: 1}
  m_LocalEulerAnglesHint: {x: 0, y: 0, z: 0}
  m_Children:
  - {fileID: 4000013808497856}
  m_Father: {fileID: 4000012225996188}
  m_RootOrder: 2
--- !u!4 &4000011548264836
Transform:
  m_ObjectHideFlags: 1
  m_PrefabParentObject: {fileID: 0}
  m_PrefabInternal: {fileID: 100100000}
  m_GameObject: {fileID: 1000011379311096}
  m_LocalRotation: {x: -0, y: -0, z: -0, w: 1}
  m_LocalPosition: {x: 0, y: 0, z: 0}
  m_LocalScale: {x: 1, y: 1, z: 1}
  m_LocalEulerAnglesHint: {x: 0, y: 0, z: 0}
  m_Children:
  - {fileID: 4000011411141182}
  m_Father: {fileID: 4000012225996188}
  m_RootOrder: 8
--- !u!4 &4000011859184646
Transform:
  m_ObjectHideFlags: 1
  m_PrefabParentObject: {fileID: 0}
  m_PrefabInternal: {fileID: 100100000}
  m_GameObject: {fileID: 1000013738569014}
  m_LocalRotation: {x: -0, y: -0, z: -0, w: 1}
  m_LocalPosition: {x: 0, y: 0, z: 0}
  m_LocalScale: {x: 1, y: 1, z: 1}
  m_LocalEulerAnglesHint: {x: 0, y: 0, z: 0}
  m_Children: []
  m_Father: {fileID: 4000012164635450}
  m_RootOrder: 0
--- !u!4 &4000011897402134
Transform:
  m_ObjectHideFlags: 1
  m_PrefabParentObject: {fileID: 0}
  m_PrefabInternal: {fileID: 100100000}
  m_GameObject: {fileID: 1000010592333166}
  m_LocalRotation: {x: -0, y: -0, z: -0, w: 1}
  m_LocalPosition: {x: 0, y: 0, z: 0}
  m_LocalScale: {x: 1, y: 1, z: 1}
  m_LocalEulerAnglesHint: {x: 0, y: 0, z: 0}
  m_Children: []
  m_Father: {fileID: 4000011129944558}
  m_RootOrder: 0
--- !u!4 &4000011996465314
Transform:
  m_ObjectHideFlags: 1
  m_PrefabParentObject: {fileID: 0}
  m_PrefabInternal: {fileID: 100100000}
  m_GameObject: {fileID: 1000011920192148}
  m_LocalRotation: {x: -0, y: -0, z: -0, w: 1}
  m_LocalPosition: {x: 0, y: 0, z: 0}
  m_LocalScale: {x: 1, y: 1, z: 1}
  m_LocalEulerAnglesHint: {x: 0, y: 0, z: 0}
  m_Children: []
  m_Father: {fileID: 4000013485694308}
  m_RootOrder: 0
--- !u!4 &4000012036543508
Transform:
  m_ObjectHideFlags: 1
  m_PrefabParentObject: {fileID: 0}
  m_PrefabInternal: {fileID: 100100000}
  m_GameObject: {fileID: 1000012780749244}
  m_LocalRotation: {x: -0, y: -0, z: -0, w: 1}
  m_LocalPosition: {x: 0, y: 0, z: 0}
  m_LocalScale: {x: 1, y: 1, z: 1}
  m_LocalEulerAnglesHint: {x: 0, y: 0, z: 0}
  m_Children: []
  m_Father: {fileID: 4000010071234388}
  m_RootOrder: 0
--- !u!4 &4000012164635450
Transform:
  m_ObjectHideFlags: 1
  m_PrefabParentObject: {fileID: 0}
  m_PrefabInternal: {fileID: 100100000}
  m_GameObject: {fileID: 1000011795700218}
  m_LocalRotation: {x: -0, y: -0, z: -0, w: 1}
  m_LocalPosition: {x: 0, y: 0, z: 0}
  m_LocalScale: {x: 1, y: 1, z: 1}
  m_LocalEulerAnglesHint: {x: 0, y: 0, z: 0}
  m_Children:
  - {fileID: 4000011859184646}
  m_Father: {fileID: 4000012225996188}
  m_RootOrder: 4
--- !u!4 &4000012225996188
Transform:
  m_ObjectHideFlags: 1
  m_PrefabParentObject: {fileID: 0}
  m_PrefabInternal: {fileID: 100100000}
  m_GameObject: {fileID: 1000011629621708}
  m_LocalRotation: {x: 0, y: 0, z: 0, w: 1}
  m_LocalPosition: {x: 0, y: 0, z: 0}
  m_LocalScale: {x: 1, y: 1, z: 1}
  m_LocalEulerAnglesHint: {x: 0, y: 0, z: 0}
  m_Children:
  - {fileID: 4000013879021088}
  - {fileID: 4000011129944558}
  - {fileID: 4000011447908422}
  - {fileID: 4000012892302724}
  - {fileID: 4000012164635450}
  - {fileID: 4000010071234388}
  - {fileID: 4000013485694308}
  - {fileID: 4000011168845584}
  - {fileID: 4000011548264836}
  - {fileID: 4000012410753608}
  - {fileID: 4000013398929104}
  m_Father: {fileID: 0}
  m_RootOrder: 0
--- !u!4 &4000012410753608
Transform:
  m_ObjectHideFlags: 1
  m_PrefabParentObject: {fileID: 0}
  m_PrefabInternal: {fileID: 100100000}
  m_GameObject: {fileID: 1000011542739296}
  m_LocalRotation: {x: -0, y: -0, z: -0, w: 1}
  m_LocalPosition: {x: 0, y: 0, z: 0}
  m_LocalScale: {x: 1, y: 1, z: 1}
  m_LocalEulerAnglesHint: {x: 0, y: 0, z: 0}
  m_Children:
  - {fileID: 4000011127239664}
  m_Father: {fileID: 4000012225996188}
  m_RootOrder: 9
--- !u!4 &4000012892302724
Transform:
  m_ObjectHideFlags: 1
  m_PrefabParentObject: {fileID: 0}
  m_PrefabInternal: {fileID: 100100000}
  m_GameObject: {fileID: 1000010696570064}
  m_LocalRotation: {x: -0, y: -0, z: -0, w: 1}
  m_LocalPosition: {x: 0, y: 0, z: 0}
  m_LocalScale: {x: 1, y: 1, z: 1}
  m_LocalEulerAnglesHint: {x: 0, y: 0, z: 0}
  m_Children:
  - {fileID: 4000011444523392}
  m_Father: {fileID: 4000012225996188}
  m_RootOrder: 3
--- !u!4 &4000013398929104
Transform:
  m_ObjectHideFlags: 1
  m_PrefabParentObject: {fileID: 0}
  m_PrefabInternal: {fileID: 100100000}
  m_GameObject: {fileID: 1000011169897582}
  m_LocalRotation: {x: -0, y: -0, z: -0, w: 1}
  m_LocalPosition: {x: 0, y: 0, z: 0}
  m_LocalScale: {x: 1, y: 1, z: 1}
  m_LocalEulerAnglesHint: {x: 0, y: 0, z: 0}
  m_Children:
  - {fileID: 4000013453966830}
  m_Father: {fileID: 4000012225996188}
  m_RootOrder: 10
--- !u!4 &4000013453966830
Transform:
  m_ObjectHideFlags: 1
  m_PrefabParentObject: {fileID: 0}
  m_PrefabInternal: {fileID: 100100000}
  m_GameObject: {fileID: 1000012871053460}
  m_LocalRotation: {x: -0, y: -0, z: -0, w: 1}
  m_LocalPosition: {x: 0, y: 0, z: 0}
  m_LocalScale: {x: 1, y: 1, z: 1}
  m_LocalEulerAnglesHint: {x: 0, y: 0, z: 0}
  m_Children: []
  m_Father: {fileID: 4000013398929104}
  m_RootOrder: 0
--- !u!4 &4000013485694308
Transform:
  m_ObjectHideFlags: 1
  m_PrefabParentObject: {fileID: 0}
  m_PrefabInternal: {fileID: 100100000}
  m_GameObject: {fileID: 1000010788949852}
  m_LocalRotation: {x: -0, y: -0, z: -0, w: 1}
  m_LocalPosition: {x: 0, y: 0, z: 0}
  m_LocalScale: {x: 1, y: 1, z: 1}
  m_LocalEulerAnglesHint: {x: 0, y: 0, z: 0}
  m_Children:
  - {fileID: 4000011996465314}
  m_Father: {fileID: 4000012225996188}
  m_RootOrder: 6
--- !u!4 &4000013808497856
Transform:
  m_ObjectHideFlags: 1
  m_PrefabParentObject: {fileID: 0}
  m_PrefabInternal: {fileID: 100100000}
  m_GameObject: {fileID: 1000013722991574}
  m_LocalRotation: {x: -0, y: -0, z: -0, w: 1}
  m_LocalPosition: {x: 0, y: 0, z: 0}
  m_LocalScale: {x: 1, y: 1, z: 1}
  m_LocalEulerAnglesHint: {x: 0, y: 0, z: 0}
  m_Children: []
  m_Father: {fileID: 4000011447908422}
  m_RootOrder: 0
--- !u!4 &4000013879021088
Transform:
  m_ObjectHideFlags: 1
  m_PrefabParentObject: {fileID: 0}
  m_PrefabInternal: {fileID: 100100000}
  m_GameObject: {fileID: 1000010997414440}
  m_LocalRotation: {x: -0, y: -0, z: -0, w: 1}
  m_LocalPosition: {x: 0, y: 0, z: 0}
  m_LocalScale: {x: 1, y: 1, z: 1}
  m_LocalEulerAnglesHint: {x: 0, y: 0, z: 0}
  m_Children:
  - {fileID: 4000011333812254}
  m_Father: {fileID: 4000012225996188}
  m_RootOrder: 0
--- !u!82 &82000010098170708
AudioSource:
  m_ObjectHideFlags: 1
  m_PrefabParentObject: {fileID: 0}
  m_PrefabInternal: {fileID: 100100000}
  m_GameObject: {fileID: 1000013663302654}
  m_Enabled: 1
  serializedVersion: 4
  OutputAudioMixerGroup: {fileID: 0}
  m_audioClip: {fileID: 8300000, guid: 43c2aa50548935c438f9bf95bd315f8b, type: 3}
  m_PlayOnAwake: 0
  m_Volume: 1
  m_Pitch: 1
  Loop: 0
  Mute: 0
  Spatialize: 0
  Priority: 128
  DopplerLevel: 1
  MinDistance: 10
  MaxDistance: 100
  Pan2D: 0
  rolloffMode: 0
  BypassEffects: 0
  BypassListenerEffects: 0
  BypassReverbZones: 0
  rolloffCustomCurve:
    serializedVersion: 2
    m_Curve:
    - time: 0
      value: 1
      inSlope: 0
      outSlope: 0
      tangentMode: 0
    - time: 1
      value: 0
      inSlope: 0
      outSlope: 0
      tangentMode: 0
    m_PreInfinity: 2
    m_PostInfinity: 2
    m_RotationOrder: 4
  panLevelCustomCurve:
    serializedVersion: 2
    m_Curve:
    - time: 0
      value: 1
      inSlope: 0
      outSlope: 0
      tangentMode: 0
    m_PreInfinity: 2
    m_PostInfinity: 2
    m_RotationOrder: 4
  spreadCustomCurve:
    serializedVersion: 2
    m_Curve:
    - time: 0
      value: 0
      inSlope: 0
      outSlope: 0
      tangentMode: 0
    m_PreInfinity: 2
    m_PostInfinity: 2
    m_RotationOrder: 4
  reverbZoneMixCustomCurve:
    serializedVersion: 2
    m_Curve:
    - time: 0
      value: 1
      inSlope: 0
      outSlope: 0
      tangentMode: 0
    m_PreInfinity: 2
    m_PostInfinity: 2
    m_RotationOrder: 4
--- !u!82 &82000010141977826
AudioSource:
  m_ObjectHideFlags: 1
  m_PrefabParentObject: {fileID: 0}
  m_PrefabInternal: {fileID: 100100000}
  m_GameObject: {fileID: 1000012780749244}
  m_Enabled: 1
  serializedVersion: 4
  OutputAudioMixerGroup: {fileID: 0}
  m_audioClip: {fileID: 8300000, guid: 5fe9daf6a26e48848b49dd2e9c0808b1, type: 3}
  m_PlayOnAwake: 0
  m_Volume: 1
  m_Pitch: 1
  Loop: 0
  Mute: 0
  Spatialize: 0
  Priority: 128
  DopplerLevel: 1
  MinDistance: 10
  MaxDistance: 100
  Pan2D: 0
  rolloffMode: 0
  BypassEffects: 0
  BypassListenerEffects: 0
  BypassReverbZones: 0
  rolloffCustomCurve:
    serializedVersion: 2
    m_Curve:
    - time: 0
      value: 1
      inSlope: 0
      outSlope: 0
      tangentMode: 0
    - time: 1
      value: 0
      inSlope: 0
      outSlope: 0
      tangentMode: 0
    m_PreInfinity: 2
    m_PostInfinity: 2
    m_RotationOrder: 4
  panLevelCustomCurve:
    serializedVersion: 2
    m_Curve:
    - time: 0
      value: 1
      inSlope: 0
      outSlope: 0
      tangentMode: 0
    m_PreInfinity: 2
    m_PostInfinity: 2
    m_RotationOrder: 4
  spreadCustomCurve:
    serializedVersion: 2
    m_Curve:
    - time: 0
      value: 0
      inSlope: 0
      outSlope: 0
      tangentMode: 0
    m_PreInfinity: 2
    m_PostInfinity: 2
    m_RotationOrder: 4
  reverbZoneMixCustomCurve:
    serializedVersion: 2
    m_Curve:
    - time: 0
      value: 1
      inSlope: 0
      outSlope: 0
      tangentMode: 0
    m_PreInfinity: 2
    m_PostInfinity: 2
    m_RotationOrder: 4
--- !u!82 &82000010728110094
AudioSource:
  m_ObjectHideFlags: 1
  m_PrefabParentObject: {fileID: 0}
  m_PrefabInternal: {fileID: 100100000}
  m_GameObject: {fileID: 1000013738569014}
  m_Enabled: 1
  serializedVersion: 4
  OutputAudioMixerGroup: {fileID: 0}
  m_audioClip: {fileID: 8300000, guid: 8c17f5d70ef13f44fbf242435c86f952, type: 3}
  m_PlayOnAwake: 0
  m_Volume: 1
  m_Pitch: 1
  Loop: 0
  Mute: 0
  Spatialize: 0
  Priority: 128
  DopplerLevel: 1
  MinDistance: 10
  MaxDistance: 100
  Pan2D: 0
  rolloffMode: 0
  BypassEffects: 0
  BypassListenerEffects: 0
  BypassReverbZones: 0
  rolloffCustomCurve:
    serializedVersion: 2
    m_Curve:
    - time: 0
      value: 1
      inSlope: 0
      outSlope: 0
      tangentMode: 0
    - time: 1
      value: 0
      inSlope: 0
      outSlope: 0
      tangentMode: 0
    m_PreInfinity: 2
    m_PostInfinity: 2
    m_RotationOrder: 4
  panLevelCustomCurve:
    serializedVersion: 2
    m_Curve:
    - time: 0
      value: 1
      inSlope: 0
      outSlope: 0
      tangentMode: 0
    m_PreInfinity: 2
    m_PostInfinity: 2
    m_RotationOrder: 4
  spreadCustomCurve:
    serializedVersion: 2
    m_Curve:
    - time: 0
      value: 0
      inSlope: 0
      outSlope: 0
      tangentMode: 0
    m_PreInfinity: 2
    m_PostInfinity: 2
    m_RotationOrder: 4
  reverbZoneMixCustomCurve:
    serializedVersion: 2
    m_Curve:
    - time: 0
      value: 1
      inSlope: 0
      outSlope: 0
      tangentMode: 0
    m_PreInfinity: 2
    m_PostInfinity: 2
    m_RotationOrder: 4
--- !u!82 &82000011049068670
AudioSource:
  m_ObjectHideFlags: 1
  m_PrefabParentObject: {fileID: 0}
  m_PrefabInternal: {fileID: 100100000}
  m_GameObject: {fileID: 1000010821428686}
  m_Enabled: 1
  serializedVersion: 4
  OutputAudioMixerGroup: {fileID: 0}
  m_audioClip: {fileID: 8300000, guid: 06c83c29af5ecc442bf1b06910a83b72, type: 3}
  m_PlayOnAwake: 0
  m_Volume: 1
  m_Pitch: 1
  Loop: 0
  Mute: 0
  Spatialize: 0
  Priority: 128
  DopplerLevel: 1
  MinDistance: 10
  MaxDistance: 100
  Pan2D: 0
  rolloffMode: 0
  BypassEffects: 0
  BypassListenerEffects: 0
  BypassReverbZones: 0
  rolloffCustomCurve:
    serializedVersion: 2
    m_Curve:
    - time: 0
      value: 1
      inSlope: 0
      outSlope: 0
      tangentMode: 0
    - time: 1
      value: 0
      inSlope: 0
      outSlope: 0
      tangentMode: 0
    m_PreInfinity: 2
    m_PostInfinity: 2
    m_RotationOrder: 4
  panLevelCustomCurve:
    serializedVersion: 2
    m_Curve:
    - time: 0
      value: 1
      inSlope: 0
      outSlope: 0
      tangentMode: 0
    m_PreInfinity: 2
    m_PostInfinity: 2
    m_RotationOrder: 4
  spreadCustomCurve:
    serializedVersion: 2
    m_Curve:
    - time: 0
      value: 0
      inSlope: 0
      outSlope: 0
      tangentMode: 0
    m_PreInfinity: 2
    m_PostInfinity: 2
    m_RotationOrder: 4
  reverbZoneMixCustomCurve:
    serializedVersion: 2
    m_Curve:
    - time: 0
      value: 1
      inSlope: 0
      outSlope: 0
      tangentMode: 0
    m_PreInfinity: 2
    m_PostInfinity: 2
    m_RotationOrder: 4
--- !u!82 &82000012089033834
AudioSource:
  m_ObjectHideFlags: 1
  m_PrefabParentObject: {fileID: 0}
  m_PrefabInternal: {fileID: 100100000}
  m_GameObject: {fileID: 1000013722991574}
  m_Enabled: 1
  serializedVersion: 4
  OutputAudioMixerGroup: {fileID: 0}
  m_audioClip: {fileID: 8300000, guid: f255efc4c1fb5054da84ebeba46bfa1c, type: 3}
  m_PlayOnAwake: 0
  m_Volume: 1
  m_Pitch: 1
  Loop: 0
  Mute: 0
  Spatialize: 0
  Priority: 128
  DopplerLevel: 1
  MinDistance: 10
  MaxDistance: 100
  Pan2D: 0
  rolloffMode: 0
  BypassEffects: 0
  BypassListenerEffects: 0
  BypassReverbZones: 0
  rolloffCustomCurve:
    serializedVersion: 2
    m_Curve:
    - time: 0
      value: 1
      inSlope: 0
      outSlope: 0
      tangentMode: 0
    - time: 1
      value: 0
      inSlope: 0
      outSlope: 0
      tangentMode: 0
    m_PreInfinity: 2
    m_PostInfinity: 2
    m_RotationOrder: 4
  panLevelCustomCurve:
    serializedVersion: 2
    m_Curve:
    - time: 0
      value: 1
      inSlope: 0
      outSlope: 0
      tangentMode: 0
    m_PreInfinity: 2
    m_PostInfinity: 2
    m_RotationOrder: 4
  spreadCustomCurve:
    serializedVersion: 2
    m_Curve:
    - time: 0
      value: 0
      inSlope: 0
      outSlope: 0
      tangentMode: 0
    m_PreInfinity: 2
    m_PostInfinity: 2
    m_RotationOrder: 4
  reverbZoneMixCustomCurve:
    serializedVersion: 2
    m_Curve:
    - time: 0
      value: 1
      inSlope: 0
      outSlope: 0
      tangentMode: 0
    m_PreInfinity: 2
    m_PostInfinity: 2
    m_RotationOrder: 4
--- !u!82 &82000012470142284
AudioSource:
  m_ObjectHideFlags: 1
  m_PrefabParentObject: {fileID: 0}
  m_PrefabInternal: {fileID: 100100000}
  m_GameObject: {fileID: 1000012871053460}
  m_Enabled: 1
  serializedVersion: 4
  OutputAudioMixerGroup: {fileID: 0}
  m_audioClip: {fileID: 8300000, guid: eceb271057a1d844888fcb09b4e5e552, type: 3}
  m_PlayOnAwake: 0
  m_Volume: 1
  m_Pitch: 1
  Loop: 0
  Mute: 0
  Spatialize: 0
  Priority: 128
  DopplerLevel: 1
  MinDistance: 10
  MaxDistance: 100
  Pan2D: 0
  rolloffMode: 0
  BypassEffects: 0
  BypassListenerEffects: 0
  BypassReverbZones: 0
  rolloffCustomCurve:
    serializedVersion: 2
    m_Curve:
    - time: 0
      value: 1
      inSlope: 0
      outSlope: 0
      tangentMode: 0
    - time: 1
      value: 0
      inSlope: 0
      outSlope: 0
      tangentMode: 0
    m_PreInfinity: 2
    m_PostInfinity: 2
    m_RotationOrder: 4
  panLevelCustomCurve:
    serializedVersion: 2
    m_Curve:
    - time: 0
      value: 1
      inSlope: 0
      outSlope: 0
      tangentMode: 0
    m_PreInfinity: 2
    m_PostInfinity: 2
    m_RotationOrder: 4
  spreadCustomCurve:
    serializedVersion: 2
    m_Curve:
    - time: 0
      value: 0
      inSlope: 0
      outSlope: 0
      tangentMode: 0
    m_PreInfinity: 2
    m_PostInfinity: 2
    m_RotationOrder: 4
  reverbZoneMixCustomCurve:
    serializedVersion: 2
    m_Curve:
    - time: 0
      value: 1
      inSlope: 0
      outSlope: 0
      tangentMode: 0
    m_PreInfinity: 2
    m_PostInfinity: 2
    m_RotationOrder: 4
--- !u!82 &82000012585880096
AudioSource:
  m_ObjectHideFlags: 1
  m_PrefabParentObject: {fileID: 0}
  m_PrefabInternal: {fileID: 100100000}
  m_GameObject: {fileID: 1000011221696642}
  m_Enabled: 1
  serializedVersion: 4
  OutputAudioMixerGroup: {fileID: 0}
  m_audioClip: {fileID: 8300000, guid: 2223d0e1ef1397f4893234ac66222fca, type: 3}
  m_PlayOnAwake: 0
  m_Volume: 1
  m_Pitch: 1
  Loop: 0
  Mute: 0
  Spatialize: 0
  Priority: 128
  DopplerLevel: 1
  MinDistance: 10
  MaxDistance: 100
  Pan2D: 0
  rolloffMode: 0
  BypassEffects: 0
  BypassListenerEffects: 0
  BypassReverbZones: 0
  rolloffCustomCurve:
    serializedVersion: 2
    m_Curve:
    - time: 0
      value: 1
      inSlope: 0
      outSlope: 0
      tangentMode: 0
    - time: 1
      value: 0
      inSlope: 0
      outSlope: 0
      tangentMode: 0
    m_PreInfinity: 2
    m_PostInfinity: 2
    m_RotationOrder: 4
  panLevelCustomCurve:
    serializedVersion: 2
    m_Curve:
    - time: 0
      value: 1
      inSlope: 0
      outSlope: 0
      tangentMode: 0
    m_PreInfinity: 2
    m_PostInfinity: 2
    m_RotationOrder: 4
  spreadCustomCurve:
    serializedVersion: 2
    m_Curve:
    - time: 0
      value: 0
      inSlope: 0
      outSlope: 0
      tangentMode: 0
    m_PreInfinity: 2
    m_PostInfinity: 2
    m_RotationOrder: 4
  reverbZoneMixCustomCurve:
    serializedVersion: 2
    m_Curve:
    - time: 0
      value: 1
      inSlope: 0
      outSlope: 0
      tangentMode: 0
    m_PreInfinity: 2
    m_PostInfinity: 2
    m_RotationOrder: 4
--- !u!82 &82000012706299952
AudioSource:
  m_ObjectHideFlags: 1
  m_PrefabParentObject: {fileID: 0}
  m_PrefabInternal: {fileID: 100100000}
  m_GameObject: {fileID: 1000011767653156}
  m_Enabled: 1
  serializedVersion: 4
  OutputAudioMixerGroup: {fileID: 0}
  m_audioClip: {fileID: 8300000, guid: 233a11dd57dd97243bc7ad3c26abc7ea, type: 3}
  m_PlayOnAwake: 0
  m_Volume: 1
  m_Pitch: 1
  Loop: 0
  Mute: 0
  Spatialize: 0
  Priority: 128
  DopplerLevel: 1
  MinDistance: 10
  MaxDistance: 100
  Pan2D: 0
  rolloffMode: 0
  BypassEffects: 0
  BypassListenerEffects: 0
  BypassReverbZones: 0
  rolloffCustomCurve:
    serializedVersion: 2
    m_Curve:
    - time: 0
      value: 1
      inSlope: 0
      outSlope: 0
      tangentMode: 0
    - time: 1
      value: 0
      inSlope: 0
      outSlope: 0
      tangentMode: 0
    m_PreInfinity: 2
    m_PostInfinity: 2
    m_RotationOrder: 4
  panLevelCustomCurve:
    serializedVersion: 2
    m_Curve:
    - time: 0
      value: 1
      inSlope: 0
      outSlope: 0
      tangentMode: 0
    m_PreInfinity: 2
    m_PostInfinity: 2
    m_RotationOrder: 4
  spreadCustomCurve:
    serializedVersion: 2
    m_Curve:
    - time: 0
      value: 0
      inSlope: 0
      outSlope: 0
      tangentMode: 0
    m_PreInfinity: 2
    m_PostInfinity: 2
    m_RotationOrder: 4
  reverbZoneMixCustomCurve:
    serializedVersion: 2
    m_Curve:
    - time: 0
      value: 1
      inSlope: 0
      outSlope: 0
      tangentMode: 0
    m_PreInfinity: 2
    m_PostInfinity: 2
    m_RotationOrder: 4
--- !u!82 &82000012846176520
AudioSource:
  m_ObjectHideFlags: 1
  m_PrefabParentObject: {fileID: 0}
  m_PrefabInternal: {fileID: 100100000}
  m_GameObject: {fileID: 1000012110689090}
  m_Enabled: 1
  serializedVersion: 4
  OutputAudioMixerGroup: {fileID: 0}
  m_audioClip: {fileID: 8300000, guid: 72a6495466fe1df448739032d23741cf, type: 3}
  m_PlayOnAwake: 0
  m_Volume: 1
  m_Pitch: 1
  Loop: 0
  Mute: 0
  Spatialize: 0
  Priority: 128
  DopplerLevel: 1
  MinDistance: 10
  MaxDistance: 100
  Pan2D: 0
  rolloffMode: 0
  BypassEffects: 0
  BypassListenerEffects: 0
  BypassReverbZones: 0
  rolloffCustomCurve:
    serializedVersion: 2
    m_Curve:
    - time: 0
      value: 1
      inSlope: 0
      outSlope: 0
      tangentMode: 0
    - time: 1
      value: 0
      inSlope: 0
      outSlope: 0
      tangentMode: 0
    m_PreInfinity: 2
    m_PostInfinity: 2
    m_RotationOrder: 4
  panLevelCustomCurve:
    serializedVersion: 2
    m_Curve:
    - time: 0
      value: 1
      inSlope: 0
      outSlope: 0
      tangentMode: 0
    m_PreInfinity: 2
    m_PostInfinity: 2
    m_RotationOrder: 4
  spreadCustomCurve:
    serializedVersion: 2
    m_Curve:
    - time: 0
      value: 0
      inSlope: 0
      outSlope: 0
      tangentMode: 0
    m_PreInfinity: 2
    m_PostInfinity: 2
    m_RotationOrder: 4
  reverbZoneMixCustomCurve:
    serializedVersion: 2
    m_Curve:
    - time: 0
      value: 1
      inSlope: 0
      outSlope: 0
      tangentMode: 0
    m_PreInfinity: 2
    m_PostInfinity: 2
    m_RotationOrder: 4
--- !u!82 &82000013134749368
AudioSource:
  m_ObjectHideFlags: 1
  m_PrefabParentObject: {fileID: 0}
  m_PrefabInternal: {fileID: 100100000}
  m_GameObject: {fileID: 1000010592333166}
  m_Enabled: 1
  serializedVersion: 4
  OutputAudioMixerGroup: {fileID: 0}
  m_audioClip: {fileID: 8300000, guid: 039437ab45698c646aaddab75f72cff4, type: 3}
  m_PlayOnAwake: 0
  m_Volume: 1
  m_Pitch: 1
  Loop: 0
  Mute: 0
  Spatialize: 0
  Priority: 128
  DopplerLevel: 1
  MinDistance: 10
  MaxDistance: 100
  Pan2D: 0
  rolloffMode: 0
  BypassEffects: 0
  BypassListenerEffects: 0
  BypassReverbZones: 0
  rolloffCustomCurve:
    serializedVersion: 2
    m_Curve:
    - time: 0
      value: 1
      inSlope: 0
      outSlope: 0
      tangentMode: 0
    - time: 1
      value: 0
      inSlope: 0
      outSlope: 0
      tangentMode: 0
    m_PreInfinity: 2
    m_PostInfinity: 2
    m_RotationOrder: 4
  panLevelCustomCurve:
    serializedVersion: 2
    m_Curve:
    - time: 0
      value: 1
      inSlope: 0
      outSlope: 0
      tangentMode: 0
    m_PreInfinity: 2
    m_PostInfinity: 2
    m_RotationOrder: 4
  spreadCustomCurve:
    serializedVersion: 2
    m_Curve:
    - time: 0
      value: 0
      inSlope: 0
      outSlope: 0
      tangentMode: 0
    m_PreInfinity: 2
    m_PostInfinity: 2
    m_RotationOrder: 4
  reverbZoneMixCustomCurve:
    serializedVersion: 2
    m_Curve:
    - time: 0
      value: 1
      inSlope: 0
      outSlope: 0
      tangentMode: 0
    m_PreInfinity: 2
    m_PostInfinity: 2
    m_RotationOrder: 4
--- !u!82 &82000013179059944
AudioSource:
  m_ObjectHideFlags: 1
  m_PrefabParentObject: {fileID: 0}
  m_PrefabInternal: {fileID: 100100000}
  m_GameObject: {fileID: 1000011920192148}
  m_Enabled: 1
  serializedVersion: 4
  OutputAudioMixerGroup: {fileID: 0}
  m_audioClip: {fileID: 8300000, guid: fe9b54475e8be28469a4af7545ecdd59, type: 3}
  m_PlayOnAwake: 0
  m_Volume: 1
  m_Pitch: 1
  Loop: 0
  Mute: 0
  Spatialize: 0
  Priority: 128
  DopplerLevel: 1
  MinDistance: 10
  MaxDistance: 100
  Pan2D: 0
  rolloffMode: 0
  BypassEffects: 0
  BypassListenerEffects: 0
  BypassReverbZones: 0
  rolloffCustomCurve:
    serializedVersion: 2
    m_Curve:
    - time: 0
      value: 1
      inSlope: 0
      outSlope: 0
      tangentMode: 0
    - time: 1
      value: 0
      inSlope: 0
      outSlope: 0
      tangentMode: 0
    m_PreInfinity: 2
    m_PostInfinity: 2
    m_RotationOrder: 4
  panLevelCustomCurve:
    serializedVersion: 2
    m_Curve:
    - time: 0
      value: 1
      inSlope: 0
      outSlope: 0
      tangentMode: 0
    m_PreInfinity: 2
    m_PostInfinity: 2
    m_RotationOrder: 4
  spreadCustomCurve:
    serializedVersion: 2
    m_Curve:
    - time: 0
      value: 0
      inSlope: 0
      outSlope: 0
      tangentMode: 0
    m_PreInfinity: 2
    m_PostInfinity: 2
    m_RotationOrder: 4
  reverbZoneMixCustomCurve:
    serializedVersion: 2
    m_Curve:
    - time: 0
      value: 1
      inSlope: 0
      outSlope: 0
      tangentMode: 0
    m_PreInfinity: 2
    m_PostInfinity: 2
    m_RotationOrder: 4
--- !u!114 &114000010038358416
MonoBehaviour:
  m_ObjectHideFlags: 1
  m_PrefabParentObject: {fileID: 0}
  m_PrefabInternal: {fileID: 100100000}
  m_GameObject: {fileID: 1000011221696642}
  m_Enabled: 1
  m_EditorHideFlags: 0
  m_Script: {fileID: 11500000, guid: fe737f362f2da5d4ebabefe8c9165162, type: 3}
  m_Name: 
  m_EditorClassIdentifier: 
  useLocalization: 0
  useRandomPitch: 0
  randomPitchMode: 0
  randomPitchMin: 0
  randomPitchMax: 0
  useRandomVolume: 0
  randomVolumeMode: 0
  randomVolumeMin: 0
  randomVolumeMax: 0
  weight: 1
  audLocation: 0
  resourceFileName: 
  internetFileUrl: 
  isExpanded: 1
  isChecked: 1
  fxTailTime: 0
  useFades: 0
  fadeInTime: 0
  fadeOutTime: 0
  useIntroSilence: 0
  introSilenceMin: 0
  introSilenceMax: 0
  useRandomStartTime: 0
  randomStartMinPercent: 0
  randomStartMaxPercent: 0
--- !u!114 &114000010200762948
MonoBehaviour:
  m_ObjectHideFlags: 1
  m_PrefabParentObject: {fileID: 0}
  m_PrefabInternal: {fileID: 100100000}
  m_GameObject: {fileID: 1000012780749244}
  m_Enabled: 1
  m_EditorHideFlags: 0
  m_Script: {fileID: 11500000, guid: fe737f362f2da5d4ebabefe8c9165162, type: 3}
  m_Name: 
  m_EditorClassIdentifier: 
  useLocalization: 0
  useRandomPitch: 0
  randomPitchMode: 0
  randomPitchMin: 0
  randomPitchMax: 0
  useRandomVolume: 0
  randomVolumeMode: 0
  randomVolumeMin: 0
  randomVolumeMax: 0
  weight: 1
  audLocation: 0
  resourceFileName: 
  internetFileUrl: 
  isExpanded: 1
  isChecked: 1
  fxTailTime: 0
  useFades: 0
  fadeInTime: 0
  fadeOutTime: 0
  useIntroSilence: 0
  introSilenceMin: 0
  introSilenceMax: 0
  useRandomStartTime: 0
  randomStartMinPercent: 0
  randomStartMaxPercent: 0
--- !u!114 &114000010207981804
MonoBehaviour:
  m_ObjectHideFlags: 1
  m_PrefabParentObject: {fileID: 0}
  m_PrefabInternal: {fileID: 100100000}
  m_GameObject: {fileID: 1000010467968884}
  m_Enabled: 1
  m_EditorHideFlags: 0
  m_Script: {fileID: 11500000, guid: e926080ea711027418e38c39ddea7741, type: 3}
  m_Name: 
  m_EditorClassIdentifier: 
  variationTemplate: {fileID: 100000, guid: c00c191bd9edebb4aabab20dce59c26a, type: 2}
  alwaysHighestPriority: 0
  groupMasterVolume: 1
  retriggerPercentage: 50
  curVariationSequence: 0
  useNoRepeatRefill: 1
  useInactivePeriodPoolRefill: 0
  inactivePeriodSeconds: 5
  curVariationMode: 0
  bulkVariationMode: 0
  chainLoopDelayMin: 0
  chainLoopDelayMax: 0
  chainLoopMode: 0
  chainLoopNumLoops: 0
  useDialogFadeOut: 0
  dialogFadeOutTime: 0.5
  resourceClipsAllLoadAsync: 1
  logSound: 0
  soundPlayedEventActive: 0
  soundPlayedCustomEvent: 
  busIndex: 3
  spatialBlendType: 1
  spatialBlend: 1
  busName: 
  isExistingBus: 0
  isCopiedFromDGSC: 0
  limitMode: 0
  limitPerXFrames: 1
  minimumTimeBetween: 0.1
  limitPolyphony: 0
  voiceLimitCount: 1
  targetDespawnedBehavior: 0
  despawnFadeTime: 1
  isUsingOcclusion: 0
  copySettingsExpanded: 0
  selectedVariationIndex: 0
  childGroupMode: 0
  childSoundGroups: []
  groupVariations:
  - {fileID: 114000010975031116}
--- !u!114 &114000010380691272
MonoBehaviour:
  m_ObjectHideFlags: 1
  m_PrefabParentObject: {fileID: 0}
  m_PrefabInternal: {fileID: 100100000}
  m_GameObject: {fileID: 1000013663302654}
  m_Enabled: 1
  m_EditorHideFlags: 0
  m_Script: {fileID: 11500000, guid: fe737f362f2da5d4ebabefe8c9165162, type: 3}
  m_Name: 
  m_EditorClassIdentifier: 
  useLocalization: 0
  useRandomPitch: 0
  randomPitchMode: 0
  randomPitchMin: 0
  randomPitchMax: 0
  useRandomVolume: 0
  randomVolumeMode: 0
  randomVolumeMin: 0
  randomVolumeMax: 0
  weight: 1
  audLocation: 0
  resourceFileName: 
  internetFileUrl: 
  isExpanded: 1
  isChecked: 1
  fxTailTime: 0
  useFades: 0
  fadeInTime: 0
  fadeOutTime: 0
  useIntroSilence: 0
  introSilenceMin: 0
  introSilenceMax: 0
  useRandomStartTime: 0
  randomStartMinPercent: 0
  randomStartMaxPercent: 0
--- !u!114 &114000010835900992
MonoBehaviour:
  m_ObjectHideFlags: 1
  m_PrefabParentObject: {fileID: 0}
  m_PrefabInternal: {fileID: 100100000}
  m_GameObject: {fileID: 1000011169897582}
  m_Enabled: 1
  m_EditorHideFlags: 0
  m_Script: {fileID: 11500000, guid: e926080ea711027418e38c39ddea7741, type: 3}
  m_Name: 
  m_EditorClassIdentifier: 
  variationTemplate: {fileID: 100000, guid: c00c191bd9edebb4aabab20dce59c26a, type: 2}
  alwaysHighestPriority: 0
  groupMasterVolume: 1
  retriggerPercentage: 50
  curVariationSequence: 0
  useNoRepeatRefill: 1
  useInactivePeriodPoolRefill: 0
  inactivePeriodSeconds: 5
  curVariationMode: 0
  bulkVariationMode: 0
  chainLoopDelayMin: 0
  chainLoopDelayMax: 0
  chainLoopMode: 0
  chainLoopNumLoops: 0
  useDialogFadeOut: 0
  dialogFadeOutTime: 0.5
  resourceClipsAllLoadAsync: 1
  logSound: 0
  soundPlayedEventActive: 0
  soundPlayedCustomEvent: 
  busIndex: 3
  spatialBlendType: 1
  spatialBlend: 1
  busName: 
  isExistingBus: 0
  isCopiedFromDGSC: 0
  limitMode: 0
  limitPerXFrames: 1
  minimumTimeBetween: 0.1
  limitPolyphony: 0
  voiceLimitCount: 1
  targetDespawnedBehavior: 0
  despawnFadeTime: 1
  isUsingOcclusion: 0
  copySettingsExpanded: 0
  selectedVariationIndex: 0
  childGroupMode: 0
  childSoundGroups: []
  groupVariations:
  - {fileID: 114000011605529936}
--- !u!114 &114000010975031116
MonoBehaviour:
  m_ObjectHideFlags: 1
  m_PrefabParentObject: {fileID: 0}
  m_PrefabInternal: {fileID: 100100000}
  m_GameObject: {fileID: 1000013722991574}
  m_Enabled: 1
  m_EditorHideFlags: 0
  m_Script: {fileID: 11500000, guid: fe737f362f2da5d4ebabefe8c9165162, type: 3}
  m_Name: 
  m_EditorClassIdentifier: 
  useLocalization: 0
  useRandomPitch: 0
  randomPitchMode: 0
  randomPitchMin: 0
  randomPitchMax: 0
  useRandomVolume: 0
  randomVolumeMode: 0
  randomVolumeMin: 0
  randomVolumeMax: 0
  weight: 1
  audLocation: 0
  resourceFileName: 
  internetFileUrl: 
  isExpanded: 1
  isChecked: 1
  fxTailTime: 0
  useFades: 0
  fadeInTime: 0
  fadeOutTime: 0
  useIntroSilence: 0
  introSilenceMin: 0
  introSilenceMax: 0
  useRandomStartTime: 0
  randomStartMinPercent: 0
  randomStartMaxPercent: 0
--- !u!114 &114000010992097200
MonoBehaviour:
  m_ObjectHideFlags: 1
  m_PrefabParentObject: {fileID: 0}
  m_PrefabInternal: {fileID: 100100000}
  m_GameObject: {fileID: 1000010788949852}
  m_Enabled: 1
  m_EditorHideFlags: 0
  m_Script: {fileID: 11500000, guid: e926080ea711027418e38c39ddea7741, type: 3}
  m_Name: 
  m_EditorClassIdentifier: 
  variationTemplate: {fileID: 100000, guid: c00c191bd9edebb4aabab20dce59c26a, type: 2}
  alwaysHighestPriority: 0
  groupMasterVolume: 1
  retriggerPercentage: 50
  curVariationSequence: 0
  useNoRepeatRefill: 1
  useInactivePeriodPoolRefill: 0
  inactivePeriodSeconds: 5
  curVariationMode: 0
  bulkVariationMode: 0
  chainLoopDelayMin: 0
  chainLoopDelayMax: 0
  chainLoopMode: 0
  chainLoopNumLoops: 0
  useDialogFadeOut: 0
  dialogFadeOutTime: 0.5
  resourceClipsAllLoadAsync: 1
  logSound: 0
  soundPlayedEventActive: 0
  soundPlayedCustomEvent: 
  busIndex: 3
  spatialBlendType: 1
  spatialBlend: 1
  busName: 
  isExistingBus: 0
  isCopiedFromDGSC: 0
  limitMode: 0
  limitPerXFrames: 1
  minimumTimeBetween: 0.1
  limitPolyphony: 0
  voiceLimitCount: 1
  targetDespawnedBehavior: 0
  despawnFadeTime: 1
  isUsingOcclusion: 0
  copySettingsExpanded: 0
  selectedVariationIndex: 0
  childGroupMode: 0
  childSoundGroups: []
  groupVariations:
  - {fileID: 114000012274789262}
--- !u!114 &114000011105167116
MonoBehaviour:
  m_ObjectHideFlags: 1
  m_PrefabParentObject: {fileID: 0}
  m_PrefabInternal: {fileID: 100100000}
  m_GameObject: {fileID: 1000011629621708}
  m_Enabled: 1
  m_EditorHideFlags: 0
  m_Script: {fileID: 11500000, guid: 731d0f46f16d9b44bb35cd6816854083, type: 3}
  m_Name: 
  m_EditorClassIdentifier: 
  previewLanguage: 10
  curDragGroupMode: 0
  groupTemplate: {fileID: 100000, guid: 1d5a76ec3aa2bc241ba998680e8c037b, type: 2}
  variationTemplate: {fileID: 100000, guid: c00c191bd9edebb4aabab20dce59c26a, type: 2}
  errorOnDuplicates: 0
  createOnAwake: 1
  soundGroupsAreExpanded: 1
  removeGroupsOnSceneChange: 1
  reUseMode: 0
  showCustomEvents: 0
  bulkVariationMode: 0
  customEventsToCreate: []
  newEventName: my event
  showMusicDucking: 0
  musicDuckingSounds: []
  groupBuses:
  - busName: SFX
    volume: 1
    isSoloed: 0
    isMuted: 0
    voiceLimit: -1
    stopOldest: 0
    isExisting: 1
    isUsingOcclusion: 0
    mixerChannel: {fileID: 0}
    forceTo2D: 0
  playListExpanded: 0
  playlistEditorExp: 1
  musicPlaylists: []
  audioSourceTemplates:
  - {fileID: 100000, guid: 0ffecea0fa4184f4a920937c179efeac, type: 2}
  - {fileID: 100000, guid: ccfd73e349a99d94a8c2bd721ad4d37e, type: 2}
  - {fileID: 100000, guid: 920eb96260bc8134a993050495c0dcea, type: 2}
  - {fileID: 100000, guid: 651711ac69d890145bed953761824113, type: 2}
  audioSourceTemplateName: Max Distance 100
  groupByBus: 0
  itemsCreatedEventExpanded: 0
  itemsCreatedCustomEvent: 
  showUnityMixerGroupAssignment: 1
--- !u!114 &114000011143302268
MonoBehaviour:
  m_ObjectHideFlags: 1
  m_PrefabParentObject: {fileID: 0}
  m_PrefabInternal: {fileID: 100100000}
  m_GameObject: {fileID: 1000012110689090}
  m_Enabled: 1
  m_EditorHideFlags: 0
  m_Script: {fileID: 11500000, guid: fe737f362f2da5d4ebabefe8c9165162, type: 3}
  m_Name: 
  m_EditorClassIdentifier: 
  useLocalization: 0
  useRandomPitch: 0
  randomPitchMode: 0
  randomPitchMin: 0
  randomPitchMax: 0
  useRandomVolume: 0
  randomVolumeMode: 0
  randomVolumeMin: 0
  randomVolumeMax: 0
  weight: 1
  audLocation: 0
  resourceFileName: 
  internetFileUrl: 
  isExpanded: 1
  isChecked: 1
  fxTailTime: 0
  useFades: 0
  fadeInTime: 0
  fadeOutTime: 0
  useIntroSilence: 0
  introSilenceMin: 0
  introSilenceMax: 0
  useRandomStartTime: 0
  randomStartMinPercent: 0
  randomStartMaxPercent: 0
--- !u!114 &114000011483138434
MonoBehaviour:
  m_ObjectHideFlags: 1
  m_PrefabParentObject: {fileID: 0}
  m_PrefabInternal: {fileID: 100100000}
  m_GameObject: {fileID: 1000010592333166}
  m_Enabled: 1
  m_EditorHideFlags: 0
  m_Script: {fileID: 11500000, guid: fe737f362f2da5d4ebabefe8c9165162, type: 3}
  m_Name: 
  m_EditorClassIdentifier: 
  useLocalization: 0
  useRandomPitch: 0
  randomPitchMode: 0
  randomPitchMin: 0
  randomPitchMax: 0
  useRandomVolume: 0
  randomVolumeMode: 0
  randomVolumeMin: 0
  randomVolumeMax: 0
  weight: 1
  audLocation: 0
  resourceFileName: 
  internetFileUrl: 
  isExpanded: 1
  isChecked: 1
  fxTailTime: 0
  useFades: 0
  fadeInTime: 0
  fadeOutTime: 0
  useIntroSilence: 0
  introSilenceMin: 0
  introSilenceMax: 0
  useRandomStartTime: 0
  randomStartMinPercent: 0
  randomStartMaxPercent: 0
--- !u!114 &114000011605529936
MonoBehaviour:
  m_ObjectHideFlags: 1
  m_PrefabParentObject: {fileID: 0}
  m_PrefabInternal: {fileID: 100100000}
  m_GameObject: {fileID: 1000012871053460}
  m_Enabled: 1
  m_EditorHideFlags: 0
  m_Script: {fileID: 11500000, guid: fe737f362f2da5d4ebabefe8c9165162, type: 3}
  m_Name: 
  m_EditorClassIdentifier: 
  useLocalization: 0
  useRandomPitch: 0
  randomPitchMode: 0
  randomPitchMin: 0
  randomPitchMax: 0
  useRandomVolume: 0
  randomVolumeMode: 0
  randomVolumeMin: 0
  randomVolumeMax: 0
  weight: 1
  audLocation: 0
  resourceFileName: 
  internetFileUrl: 
  isExpanded: 1
  isChecked: 1
  fxTailTime: 0
  useFades: 0
  fadeInTime: 0
  fadeOutTime: 0
  useIntroSilence: 0
  introSilenceMin: 0
  introSilenceMax: 0
  useRandomStartTime: 0
  randomStartMinPercent: 0
  randomStartMaxPercent: 0
--- !u!114 &114000011744491968
MonoBehaviour:
  m_ObjectHideFlags: 1
  m_PrefabParentObject: {fileID: 0}
  m_PrefabInternal: {fileID: 100100000}
  m_GameObject: {fileID: 1000011542739296}
  m_Enabled: 1
  m_EditorHideFlags: 0
  m_Script: {fileID: 11500000, guid: e926080ea711027418e38c39ddea7741, type: 3}
  m_Name: 
  m_EditorClassIdentifier: 
  variationTemplate: {fileID: 100000, guid: c00c191bd9edebb4aabab20dce59c26a, type: 2}
  alwaysHighestPriority: 0
  groupMasterVolume: 1
  retriggerPercentage: 50
  curVariationSequence: 0
  useNoRepeatRefill: 1
  useInactivePeriodPoolRefill: 0
  inactivePeriodSeconds: 5
  curVariationMode: 0
  bulkVariationMode: 0
  chainLoopDelayMin: 0
  chainLoopDelayMax: 0
  chainLoopMode: 0
  chainLoopNumLoops: 0
  useDialogFadeOut: 0
  dialogFadeOutTime: 0.5
  resourceClipsAllLoadAsync: 1
  logSound: 0
  soundPlayedEventActive: 0
  soundPlayedCustomEvent: 
  busIndex: 3
  spatialBlendType: 1
  spatialBlend: 1
  busName: 
  isExistingBus: 0
  isCopiedFromDGSC: 0
  limitMode: 0
  limitPerXFrames: 1
  minimumTimeBetween: 0.1
  limitPolyphony: 0
  voiceLimitCount: 1
  targetDespawnedBehavior: 0
  despawnFadeTime: 1
  isUsingOcclusion: 0
  copySettingsExpanded: 0
  selectedVariationIndex: 0
  childGroupMode: 0
  childSoundGroups: []
  groupVariations:
  - {fileID: 114000012682673142}
--- !u!114 &114000011850795604
MonoBehaviour:
  m_ObjectHideFlags: 1
  m_PrefabParentObject: {fileID: 0}
  m_PrefabInternal: {fileID: 100100000}
  m_GameObject: {fileID: 1000010821428686}
  m_Enabled: 1
  m_EditorHideFlags: 0
  m_Script: {fileID: 11500000, guid: fe737f362f2da5d4ebabefe8c9165162, type: 3}
  m_Name: 
  m_EditorClassIdentifier: 
  useLocalization: 0
  useRandomPitch: 0
  randomPitchMode: 0
  randomPitchMin: 0
  randomPitchMax: 0
  useRandomVolume: 0
  randomVolumeMode: 0
  randomVolumeMin: 0
  randomVolumeMax: 0
  weight: 1
  audLocation: 0
  resourceFileName: 
  internetFileUrl: 
  isExpanded: 1
  isChecked: 1
  fxTailTime: 0
  useFades: 0
  fadeInTime: 0
  fadeOutTime: 0
  useIntroSilence: 0
  introSilenceMin: 0
  introSilenceMax: 0
  useRandomStartTime: 0
  randomStartMinPercent: 0
  randomStartMaxPercent: 0
--- !u!114 &114000012130345688
MonoBehaviour:
  m_ObjectHideFlags: 1
  m_PrefabParentObject: {fileID: 0}
  m_PrefabInternal: {fileID: 100100000}
  m_GameObject: {fileID: 1000010718280182}
  m_Enabled: 1
  m_EditorHideFlags: 0
  m_Script: {fileID: 11500000, guid: e926080ea711027418e38c39ddea7741, type: 3}
  m_Name: 
  m_EditorClassIdentifier: 
  variationTemplate: {fileID: 100000, guid: c00c191bd9edebb4aabab20dce59c26a, type: 2}
  alwaysHighestPriority: 0
  groupMasterVolume: 1
  retriggerPercentage: 50
  curVariationSequence: 0
  useNoRepeatRefill: 1
  useInactivePeriodPoolRefill: 0
  inactivePeriodSeconds: 5
  curVariationMode: 0
  bulkVariationMode: 0
  chainLoopDelayMin: 0
  chainLoopDelayMax: 0
  chainLoopMode: 0
  chainLoopNumLoops: 0
  useDialogFadeOut: 0
  dialogFadeOutTime: 0.5
  resourceClipsAllLoadAsync: 1
  logSound: 0
  soundPlayedEventActive: 0
  soundPlayedCustomEvent: 
  busIndex: 3
  spatialBlendType: 1
  spatialBlend: 1
  busName: 
  isExistingBus: 0
  isCopiedFromDGSC: 0
  limitMode: 0
  limitPerXFrames: 1
  minimumTimeBetween: 0.1
  limitPolyphony: 0
  voiceLimitCount: 1
  targetDespawnedBehavior: 0
  despawnFadeTime: 1
  isUsingOcclusion: 0
  copySettingsExpanded: 0
  selectedVariationIndex: 0
  childGroupMode: 0
  childSoundGroups: []
  groupVariations:
  - {fileID: 114000011483138434}
--- !u!114 &114000012274789262
MonoBehaviour:
  m_ObjectHideFlags: 1
  m_PrefabParentObject: {fileID: 0}
  m_PrefabInternal: {fileID: 100100000}
  m_GameObject: {fileID: 1000011920192148}
  m_Enabled: 1
  m_EditorHideFlags: 0
  m_Script: {fileID: 11500000, guid: fe737f362f2da5d4ebabefe8c9165162, type: 3}
  m_Name: 
  m_EditorClassIdentifier: 
  useLocalization: 0
  useRandomPitch: 0
  randomPitchMode: 0
  randomPitchMin: 0
  randomPitchMax: 0
  useRandomVolume: 0
  randomVolumeMode: 0
  randomVolumeMin: 0
  randomVolumeMax: 0
  weight: 1
  audLocation: 0
  resourceFileName: 
  internetFileUrl: 
  isExpanded: 1
  isChecked: 1
  fxTailTime: 0
  useFades: 0
  fadeInTime: 0
  fadeOutTime: 0
  useIntroSilence: 0
  introSilenceMin: 0
  introSilenceMax: 0
  useRandomStartTime: 0
  randomStartMinPercent: 0
  randomStartMaxPercent: 0
--- !u!114 &114000012682673142
MonoBehaviour:
  m_ObjectHideFlags: 1
  m_PrefabParentObject: {fileID: 0}
  m_PrefabInternal: {fileID: 100100000}
  m_GameObject: {fileID: 1000011767653156}
  m_Enabled: 1
  m_EditorHideFlags: 0
  m_Script: {fileID: 11500000, guid: fe737f362f2da5d4ebabefe8c9165162, type: 3}
  m_Name: 
  m_EditorClassIdentifier: 
  useLocalization: 0
  useRandomPitch: 0
  randomPitchMode: 0
  randomPitchMin: 0
  randomPitchMax: 0
  useRandomVolume: 0
  randomVolumeMode: 0
  randomVolumeMin: 0
  randomVolumeMax: 0
  weight: 1
  audLocation: 0
  resourceFileName: 
  internetFileUrl: 
  isExpanded: 1
  isChecked: 1
  fxTailTime: 0
  useFades: 0
  fadeInTime: 0
  fadeOutTime: 0
  useIntroSilence: 0
  introSilenceMin: 0
  introSilenceMax: 0
  useRandomStartTime: 0
  randomStartMinPercent: 0
  randomStartMaxPercent: 0
--- !u!114 &114000013046151080
MonoBehaviour:
  m_ObjectHideFlags: 1
  m_PrefabParentObject: {fileID: 0}
  m_PrefabInternal: {fileID: 100100000}
  m_GameObject: {fileID: 1000011795700218}
  m_Enabled: 1
  m_EditorHideFlags: 0
  m_Script: {fileID: 11500000, guid: e926080ea711027418e38c39ddea7741, type: 3}
  m_Name: 
  m_EditorClassIdentifier: 
  variationTemplate: {fileID: 100000, guid: c00c191bd9edebb4aabab20dce59c26a, type: 2}
  alwaysHighestPriority: 0
  groupMasterVolume: 1
  retriggerPercentage: 50
  curVariationSequence: 0
  useNoRepeatRefill: 1
  useInactivePeriodPoolRefill: 0
  inactivePeriodSeconds: 5
  curVariationMode: 0
  bulkVariationMode: 0
  chainLoopDelayMin: 0
  chainLoopDelayMax: 0
  chainLoopMode: 0
  chainLoopNumLoops: 0
  useDialogFadeOut: 0
  dialogFadeOutTime: 0.5
  resourceClipsAllLoadAsync: 1
  logSound: 0
  soundPlayedEventActive: 0
  soundPlayedCustomEvent: 
  busIndex: 3
  spatialBlendType: 1
  spatialBlend: 1
  busName: 
  isExistingBus: 0
  isCopiedFromDGSC: 0
  limitMode: 0
  limitPerXFrames: 1
  minimumTimeBetween: 0.1
  limitPolyphony: 0
  voiceLimitCount: 1
  targetDespawnedBehavior: 0
  despawnFadeTime: 1
  isUsingOcclusion: 0
  copySettingsExpanded: 0
  selectedVariationIndex: 0
  childGroupMode: 0
  childSoundGroups: []
  groupVariations:
  - {fileID: 114000013119055158}
--- !u!114 &114000013119055158
MonoBehaviour:
  m_ObjectHideFlags: 1
  m_PrefabParentObject: {fileID: 0}
  m_PrefabInternal: {fileID: 100100000}
  m_GameObject: {fileID: 1000013738569014}
  m_Enabled: 1
  m_EditorHideFlags: 0
  m_Script: {fileID: 11500000, guid: fe737f362f2da5d4ebabefe8c9165162, type: 3}
  m_Name: 
  m_EditorClassIdentifier: 
  useLocalization: 0
  useRandomPitch: 0
  randomPitchMode: 0
  randomPitchMin: 0
  randomPitchMax: 0
  useRandomVolume: 0
  randomVolumeMode: 0
  randomVolumeMin: 0
  randomVolumeMax: 0
  weight: 1
  audLocation: 0
  resourceFileName: 
  internetFileUrl: 
  isExpanded: 1
  isChecked: 1
  fxTailTime: 0
  useFades: 0
  fadeInTime: 0
  fadeOutTime: 0
  useIntroSilence: 0
  introSilenceMin: 0
  introSilenceMax: 0
  useRandomStartTime: 0
  randomStartMinPercent: 0
  randomStartMaxPercent: 0
--- !u!114 &114000013136304910
MonoBehaviour:
  m_ObjectHideFlags: 1
  m_PrefabParentObject: {fileID: 0}
  m_PrefabInternal: {fileID: 100100000}
  m_GameObject: {fileID: 1000010997414440}
  m_Enabled: 1
  m_EditorHideFlags: 0
  m_Script: {fileID: 11500000, guid: e926080ea711027418e38c39ddea7741, type: 3}
  m_Name: 
  m_EditorClassIdentifier: 
  variationTemplate: {fileID: 100000, guid: c00c191bd9edebb4aabab20dce59c26a, type: 2}
  alwaysHighestPriority: 0
  groupMasterVolume: 1
  retriggerPercentage: 50
  curVariationSequence: 0
  useNoRepeatRefill: 1
  useInactivePeriodPoolRefill: 0
  inactivePeriodSeconds: 5
  curVariationMode: 0
  bulkVariationMode: 0
  chainLoopDelayMin: 0
  chainLoopDelayMax: 0
  chainLoopMode: 0
  chainLoopNumLoops: 0
  useDialogFadeOut: 0
  dialogFadeOutTime: 0.5
  resourceClipsAllLoadAsync: 1
  logSound: 0
  soundPlayedEventActive: 0
  soundPlayedCustomEvent: 
  busIndex: 3
  spatialBlendType: 1
  spatialBlend: 1
  busName: 
  isExistingBus: 0
  isCopiedFromDGSC: 0
  limitMode: 0
  limitPerXFrames: 1
  minimumTimeBetween: 0.1
  limitPolyphony: 0
  voiceLimitCount: 1
  targetDespawnedBehavior: 0
  despawnFadeTime: 1
  isUsingOcclusion: 0
  copySettingsExpanded: 0
  selectedVariationIndex: 0
  childGroupMode: 0
  childSoundGroups: []
  groupVariations:
  - {fileID: 114000011850795604}
--- !u!114 &114000013177652930
MonoBehaviour:
  m_ObjectHideFlags: 1
  m_PrefabParentObject: {fileID: 0}
  m_PrefabInternal: {fileID: 100100000}
  m_GameObject: {fileID: 1000010696570064}
  m_Enabled: 1
  m_EditorHideFlags: 0
  m_Script: {fileID: 11500000, guid: e926080ea711027418e38c39ddea7741, type: 3}
  m_Name: 
  m_EditorClassIdentifier: 
  variationTemplate: {fileID: 100000, guid: c00c191bd9edebb4aabab20dce59c26a, type: 2}
  alwaysHighestPriority: 0
  groupMasterVolume: 1
  retriggerPercentage: 50
  curVariationSequence: 0
  useNoRepeatRefill: 1
  useInactivePeriodPoolRefill: 0
  inactivePeriodSeconds: 5
  curVariationMode: 0
  bulkVariationMode: 0
  chainLoopDelayMin: 0
  chainLoopDelayMax: 0
  chainLoopMode: 0
  chainLoopNumLoops: 0
  useDialogFadeOut: 0
  dialogFadeOutTime: 0.5
  resourceClipsAllLoadAsync: 1
  logSound: 0
  soundPlayedEventActive: 0
  soundPlayedCustomEvent: 
  busIndex: 3
  spatialBlendType: 1
  spatialBlend: 1
  busName: 
  isExistingBus: 0
  isCopiedFromDGSC: 0
  limitMode: 0
  limitPerXFrames: 1
  minimumTimeBetween: 0.1
  limitPolyphony: 0
  voiceLimitCount: 1
  targetDespawnedBehavior: 0
  despawnFadeTime: 1
  isUsingOcclusion: 0
  copySettingsExpanded: 0
  selectedVariationIndex: 0
  childGroupMode: 0
  childSoundGroups: []
  groupVariations:
  - {fileID: 114000011143302268}
--- !u!114 &114000013292538970
MonoBehaviour:
  m_ObjectHideFlags: 1
  m_PrefabParentObject: {fileID: 0}
  m_PrefabInternal: {fileID: 100100000}
  m_GameObject: {fileID: 1000013073507002}
  m_Enabled: 1
  m_EditorHideFlags: 0
  m_Script: {fileID: 11500000, guid: e926080ea711027418e38c39ddea7741, type: 3}
  m_Name: 
  m_EditorClassIdentifier: 
  variationTemplate: {fileID: 100000, guid: c00c191bd9edebb4aabab20dce59c26a, type: 2}
  alwaysHighestPriority: 0
  groupMasterVolume: 1
  retriggerPercentage: 50
  curVariationSequence: 0
  useNoRepeatRefill: 1
  useInactivePeriodPoolRefill: 0
  inactivePeriodSeconds: 5
  curVariationMode: 0
  bulkVariationMode: 0
  chainLoopDelayMin: 0
  chainLoopDelayMax: 0
  chainLoopMode: 0
  chainLoopNumLoops: 0
  useDialogFadeOut: 0
  dialogFadeOutTime: 0.5
  resourceClipsAllLoadAsync: 1
  logSound: 0
  soundPlayedEventActive: 0
  soundPlayedCustomEvent: 
  busIndex: 3
  spatialBlendType: 1
  spatialBlend: 1
  busName: 
  isExistingBus: 0
  isCopiedFromDGSC: 0
  limitMode: 0
  limitPerXFrames: 1
  minimumTimeBetween: 0.1
  limitPolyphony: 0
  voiceLimitCount: 1
  targetDespawnedBehavior: 0
  despawnFadeTime: 1
  isUsingOcclusion: 0
  copySettingsExpanded: 0
  selectedVariationIndex: 0
  childGroupMode: 0
  childSoundGroups: []
  groupVariations:
  - {fileID: 114000010200762948}
--- !u!114 &114000013549250684
MonoBehaviour:
  m_ObjectHideFlags: 1
  m_PrefabParentObject: {fileID: 0}
  m_PrefabInternal: {fileID: 100100000}
  m_GameObject: {fileID: 1000011379311096}
  m_Enabled: 1
  m_EditorHideFlags: 0
  m_Script: {fileID: 11500000, guid: e926080ea711027418e38c39ddea7741, type: 3}
  m_Name: 
  m_EditorClassIdentifier: 
  variationTemplate: {fileID: 100000, guid: c00c191bd9edebb4aabab20dce59c26a, type: 2}
  alwaysHighestPriority: 0
  groupMasterVolume: 1
  retriggerPercentage: 50
  curVariationSequence: 0
  useNoRepeatRefill: 1
  useInactivePeriodPoolRefill: 0
  inactivePeriodSeconds: 5
  curVariationMode: 0
  bulkVariationMode: 0
  chainLoopDelayMin: 0
  chainLoopDelayMax: 0
  chainLoopMode: 0
  chainLoopNumLoops: 0
  useDialogFadeOut: 0
  dialogFadeOutTime: 0.5
  resourceClipsAllLoadAsync: 1
  logSound: 0
  soundPlayedEventActive: 0
  soundPlayedCustomEvent: 
  busIndex: 3
  spatialBlendType: 1
  spatialBlend: 1
  busName: 
  isExistingBus: 0
  isCopiedFromDGSC: 0
  limitMode: 0
  limitPerXFrames: 1
  minimumTimeBetween: 0.1
  limitPolyphony: 0
  voiceLimitCount: 1
  targetDespawnedBehavior: 0
  despawnFadeTime: 1
  isUsingOcclusion: 0
  copySettingsExpanded: 0
  selectedVariationIndex: 0
  childGroupMode: 0
  childSoundGroups: []
  groupVariations:
  - {fileID: 114000010038358416}
--- !u!114 &114000013804618164
MonoBehaviour:
  m_ObjectHideFlags: 1
  m_PrefabParentObject: {fileID: 0}
  m_PrefabInternal: {fileID: 100100000}
  m_GameObject: {fileID: 1000012552486154}
  m_Enabled: 1
  m_EditorHideFlags: 0
  m_Script: {fileID: 11500000, guid: e926080ea711027418e38c39ddea7741, type: 3}
  m_Name: 
  m_EditorClassIdentifier: 
  variationTemplate: {fileID: 100000, guid: c00c191bd9edebb4aabab20dce59c26a, type: 2}
  alwaysHighestPriority: 0
  groupMasterVolume: 1
  retriggerPercentage: 50
  curVariationSequence: 0
  useNoRepeatRefill: 1
  useInactivePeriodPoolRefill: 0
  inactivePeriodSeconds: 5
  curVariationMode: 0
  bulkVariationMode: 0
  chainLoopDelayMin: 0
  chainLoopDelayMax: 0
  chainLoopMode: 0
  chainLoopNumLoops: 0
  useDialogFadeOut: 0
  dialogFadeOutTime: 0.5
  resourceClipsAllLoadAsync: 1
  logSound: 0
  soundPlayedEventActive: 0
  soundPlayedCustomEvent: 
  busIndex: 3
  spatialBlendType: 1
  spatialBlend: 1
  busName: 
  isExistingBus: 0
  isCopiedFromDGSC: 0
  limitMode: 0
  limitPerXFrames: 1
  minimumTimeBetween: 0.1
  limitPolyphony: 0
  voiceLimitCount: 1
  targetDespawnedBehavior: 0
  despawnFadeTime: 1
  isUsingOcclusion: 0
  copySettingsExpanded: 0
  selectedVariationIndex: 0
  childGroupMode: 0
  childSoundGroups: []
  groupVariations:
  - {fileID: 114000010380691272}
